<marcxml:record xmlns:xlink="http://www.w3.org/1999/xlink" xmlns:marcxml="http://www.loc.gov/MARC21/slim" xmlns:rdf="http://www.w3.org/1999/02/22-rdf-syntax-ns#" xmlns:madsrdf="http://www.loc.gov/mads/rdf/v1#" xmlns:ri="http://id.loc.gov/ontologies/RecordInfo#" xmlns:xsi="http://www.w3.org/2001/XMLSchema-instance" xmlns:mets="http://www.loc.gov/METS/" xmlns:idx="info:lc/xq-modules/lcindex" xmlns:bfidx="info:lc/xq-modules/bfidx" xmlns:semtriples="http://marklogic.com/semantic" xmlns:bf="http://id.loc.gov/ontologies/bibframe/" xmlns:bflc="http://id.loc.gov/ontologies/bflc/" xmlns:bfsimple="http://id.loc.gov/ontologies/bfsimple/" xmlns:dcterms="http://purl.org/dc/terms/">
  <marcxml:leader>02746cam a22003738i 4500</marcxml:leader>
  <marcxml:controlfield tag="001">21291797</marcxml:controlfield>
  <marcxml:controlfield tag="005">20210628143318.0</marcxml:controlfield>
  <marcxml:controlfield tag="006">m    |o  d |      </marcxml:controlfield>
  <marcxml:controlfield tag="007">cr |||||||||||</marcxml:controlfield>
  <marcxml:controlfield tag="008">191106s2020    nyu     o     000 1 eng  </marcxml:controlfield>
  <marcxml:datafield ind1=" " ind2=" " tag="906">
    <marcxml:subfield code="a">7</marcxml:subfield>
    <marcxml:subfield code="b">cbc</marcxml:subfield>
    <marcxml:subfield code="c">orignew</marcxml:subfield>
    <marcxml:subfield code="d">1</marcxml:subfield>
    <marcxml:subfield code="e">ecip</marcxml:subfield>
    <marcxml:subfield code="f">20</marcxml:subfield>
    <marcxml:subfield code="g">y-gencatlg</marcxml:subfield>
  </marcxml:datafield>
  <marcxml:datafield ind1="0" ind2=" " tag="925">
    <marcxml:subfield code="a">acquire</marcxml:subfield>
    <marcxml:subfield code="e">ecip ebook</marcxml:subfield>
    <marcxml:subfield code="x">policy default</marcxml:subfield>
  </marcxml:datafield>
  <marcxml:datafield ind1=" " ind2=" " tag="955">
    <marcxml:subfield code="a">ecip ebook 2019-11-06</marcxml:subfield>
  </marcxml:datafield>
  <marcxml:datafield ind1=" " ind2=" " tag="010">
    <marcxml:subfield code="a">  2019050991</marcxml:subfield>
  </marcxml:datafield>
  <marcxml:datafield ind1=" " ind2=" " tag="020">
    <marcxml:subfield code="a">9781635574050</marcxml:subfield>
    <marcxml:subfield code="q">(ebook)</marcxml:subfield>
  </marcxml:datafield>
  <marcxml:datafield ind1=" " ind2=" " tag="020">
    <marcxml:subfield code="z">9781635574043</marcxml:subfield>
    <marcxml:subfield code="q">(hardback)</marcxml:subfield>
  </marcxml:datafield>
  <marcxml:datafield ind1=" " ind2=" " tag="040">
    <marcxml:subfield code="a">DLC</marcxml:subfield>
    <marcxml:subfield code="b">eng</marcxml:subfield>
    <marcxml:subfield code="c">DLC</marcxml:subfield>
    <marcxml:subfield code="e">rda</marcxml:subfield>
  </marcxml:datafield>
  <marcxml:datafield ind1=" " ind2=" " tag="042">
    <marcxml:subfield code="a">pcc</marcxml:subfield>
  </marcxml:datafield>
  <marcxml:datafield ind1="0" ind2="0" tag="050">
    <marcxml:subfield code="a">PS3613.A175</marcxml:subfield>
  </marcxml:datafield>
  <marcxml:datafield ind1="0" ind2="0" tag="082">
    <marcxml:subfield code="a">813/.6</marcxml:subfield>
    <marcxml:subfield code="2">23</marcxml:subfield>
  </marcxml:datafield>
  <marcxml:datafield ind1="1" ind2=" " tag="100">
    <marcxml:subfield code="a">Maas, Sarah J.,</marcxml:subfield>
    <marcxml:subfield code="e">author.</marcxml:subfield>
  </marcxml:datafield>
  <marcxml:datafield ind1="1" ind2="0" tag="245">
    <marcxml:subfield code="a">House of earth and blood :</marcxml:subfield>
    <marcxml:subfield code="b">a Crescent City novel /</marcxml:subfield>
    <marcxml:subfield code="c">Sarah J. Maas.</marcxml:subfield>
  </marcxml:datafield>
  <marcxml:datafield ind1=" " ind2=" " tag="263">
    <marcxml:subfield code="a">2003</marcxml:subfield>
  </marcxml:datafield>
  <marcxml:datafield ind1=" " ind2="1" tag="264">
    <marcxml:subfield code="a">New York :</marcxml:subfield>
    <marcxml:subfield code="b">Bloomsbury Publishing,</marcxml:subfield>
    <marcxml:subfield code="c">2020.</marcxml:subfield>
  </marcxml:datafield>
  <marcxml:datafield ind1=" " ind2=" " tag="300">
    <marcxml:subfield code="a">1 online resource</marcxml:subfield>
  </marcxml:datafield>
  <marcxml:datafield ind1=" " ind2=" " tag="336">
    <marcxml:subfield code="a">text</marcxml:subfield>
    <marcxml:subfield code="b">txt</marcxml:subfield>
    <marcxml:subfield code="2">rdacontent</marcxml:subfield>
  </marcxml:datafield>
  <marcxml:datafield ind1=" " ind2=" " tag="337">
    <marcxml:subfield code="a">computer</marcxml:subfield>
    <marcxml:subfield code="b">c</marcxml:subfield>
    <marcxml:subfield code="2">rdamedia</marcxml:subfield>
  </marcxml:datafield>
  <marcxml:datafield ind1=" " ind2=" " tag="338">
    <marcxml:subfield code="a">online resource</marcxml:subfield>
    <marcxml:subfield code="b">cr</marcxml:subfield>
    <marcxml:subfield code="2">rdacarrier</marcxml:subfield>
  </marcxml:datafield>
  <marcxml:datafield ind1="0" ind2=" " tag="490">
    <marcxml:subfield code="a">Crescent City</marcxml:subfield>
  </marcxml:datafield>
  <marcxml:datafield ind1=" " ind2=" " tag="520">
    <marcxml:subfield code="a">"Half-Fae, half-human Bryce Quinlan loves her life. By day, she works for an antiquities dealer, selling barely legal magical artifacts, and by night, she parties with her friends, savoring every pleasure Lunathion-otherwise known as Crescent City-has to offer. But it all comes crumbling down when a ruthless murder shakes the very foundations of the city-and Bryce's world. Two years later, her job has become a dead end, and she now seeks only blissful oblivion in the city's most notorious nightclubs. But when the murderer attacks again, Bryce finds herself dragged into the investigation and paired with an infamous Fallen angel whose own brutal past haunts his every step. Hunt Athalar, personal assassin for the Archangels, wants nothing to do with Bryce Quinlan, despite being ordered to protect her. She stands for everything he once rebelled against and seems more interested in partying than solving the murder, no matter how close to home it might hit. But Hunt soon realizes there's far more to Bryce than meets the eye-and that he's going to have to find a way to work with her if they want to solve this case. As Bryce and Hunt race to untangle the mystery, they have no way of knowing the threads they tug ripple through the underbelly of the city, across warring continents, and down to the darkest levels of Hel, where things that have been sleeping for millennia are beginning to stir.."--</marcxml:subfield>
    <marcxml:subfield code="c">Provided by publisher.</marcxml:subfield>
  </marcxml:datafield>
  <marcxml:datafield ind1=" " ind2=" " tag="588">
    <marcxml:subfield code="a">Description based on print version record and CIP data provided by publisher; resource not viewed.</marcxml:subfield>
  </marcxml:datafield>
  <marcxml:datafield ind1=" " ind2="7" tag="655">
    <marcxml:subfield code="a">Fantasy fiction.</marcxml:subfield>
    <marcxml:subfield code="2">gsafd</marcxml:subfield>
  </marcxml:datafield>
  <marcxml:datafield ind1="0" ind2="8" tag="776">
    <marcxml:subfield code="i">Print version:</marcxml:subfield>
    <marcxml:subfield code="a">Maas, Sarah J..</marcxml:subfield>
    <marcxml:subfield code="t">House of earth and blood</marcxml:subfield>
    <marcxml:subfield code="d">New York : Bloomsbury Publishing, 2020.</marcxml:subfield>
    <marcxml:subfield code="z">9781635574043</marcxml:subfield>
    <marcxml:subfield code="w">(DLC) 2019050990</marcxml:subfield>
  </marcxml:datafield>
  <marcxml:datafield ind1=" " ind2=" " tag="985">
    <marcxml:subfield code="a">LC online resource</marcxml:subfield>
    <marcxml:subfield code="d">2019-11-06</marcxml:subfield>
  </marcxml:datafield>
</marcxml:record>
